%% LaTeX2e file `biblio.bib'
%% generated by the `filecontents' environment
%% from source `main' on 2024/03/18.
%%
@article{PMa,
  TITLE = {Topologie différentielle},
  AUTHOR = {Patrick Massot},
  URL = {https://www.imo.universite-paris-saclay.fr/~patrick.massot/enseignement/mat553/poly.pdf},
  YEAR = {2016},
}
@book {MAudMDam,
    AUTHOR = {Michèle Audin, Mihai Damian},
     TITLE = {Théorie de Morse et homologie de Floer},
 PUBLISHER = {EDP Sciences},
      YEAR = {2012},
      ISBN = {9782759809219},
}

@book {PGCD,
    AUTHOR = {Rouvière, François},
     TITLE = {Petit guide de calcul différentiel à l'usage de la licence et de l'agrégation},
 PUBLISHER = {Cassini},
      YEAR = {2015},
      ISBN = {978-2-84225-186-4},
	series = {Enseignement des mathématiques},
	edition = {4e édition, revue et corrigée},
}

@book {JMil,
    AUTHOR = {John Willard Milnor},
     TITLE = {Morse Theory},
 PUBLISHER = {Princeton University Press},
      YEAR = {1963},
}

@book {TopS,
    AUTHOR = {André Gramain},
     TITLE = {Topologie des surfaces},
 PUBLISHER = {PUF},
      YEAR = {1971},
}

@book{EDFB,
  author         = {Berthelin, Florent},
  publisher      = {Cassini},
  title          = {Équations différentielles},
  year           = {2017}
}

@article{key,
  author = {Johan Rydholm},
  journal = {Uppsala University},
  title = {Classification of Compact Orientable Surfaces
using Morse Theory},
  year = {2016}
}
